<record><leader>00000cas a2200000 a 4500</leader><controlfield tag="001">11820748</controlfield><controlfield tag="008">850319d19581977ksuwr ne      0   a0eng d</controlfield><datafield ind1=" " ind2=" " tag="010"><subfield code="a">sn 85030130 </subfield></datafield><datafield ind1=" " ind2=" " tag="040"><subfield code="a">KSH</subfield><subfield code="b">eng</subfield><subfield code="c">KSH</subfield><subfield code="d">NPT</subfield><subfield code="d">OCL</subfield><subfield code="d">OCLCQ</subfield></datafield><datafield ind1=" " ind2=" " tag="042"><subfield code="a">msc</subfield></datafield><datafield ind1="0" ind2=" " tag="130"><subfield code="a">Observer-enterprise (Pleasanton, Kan. : 1958)</subfield></datafield><datafield ind1="1" ind2="0" tag="245"><subfield code="a">Observer-enterprise.</subfield></datafield><datafield ind1=" " ind2=" " tag="260"><subfield code="a">Pleasanton, Kan. :</subfield><subfield code="b">[s.n.],</subfield><subfield code="c">1958-1977.</subfield></datafield><datafield ind1=" " ind2=" " tag="300"><subfield code="a">16 v. :</subfield><subfield code="b">ill. ;</subfield><subfield code="c">43-57 cm.</subfield></datafield><datafield ind1=" " ind2=" " tag="310"><subfield code="a">Weekly</subfield></datafield><datafield ind1="0" ind2=" " tag="362"><subfield code="a">Vol. 88, no. 15 (Nov. 6, 1958)-v. 104, no. 35 (Mar. 31, 1977).</subfield></datafield><datafield ind1=" " ind2=" " tag="500"><subfield code="a">Published by Linn County Pub. Co., Mar. 13, 1969-Mar. 31, 1977.</subfield></datafield><datafield ind1=" " ind2=" " tag="525"><subfield code="a">Supplements included.</subfield></datafield><datafield ind1=" " ind2=" " tag="580"><subfield code="a">Merged with: La Cygne journal (La Cygne, Kan. : 1918) and: Mound City republic and Blue Mound sun, to form: Linn County news.</subfield></datafield><datafield ind1=" " ind2=" " tag="752"><subfield code="a">United States</subfield><subfield code="b">Kansas</subfield><subfield code="c">Linn</subfield><subfield code="d">Pleasanton.</subfield></datafield><datafield ind1="0" ind2="0" tag="780"><subfield code="t">Pleasanton observer-enterprise</subfield><subfield code="w">(DLC)sn 85030123</subfield></datafield><datafield ind1="1" ind2="7" tag="785"><subfield code="t">Cygne journal (La Cygne, Kan. : 1918)</subfield><subfield code="w">(DLC)sn 85030127</subfield></datafield><datafield ind1="1" ind2="7" tag="785"><subfield code="t">Mound City republic and Blue Mound sun</subfield><subfield code="w">(DLC)sn 85030140</subfield></datafield><datafield ind1="1" ind2="7" tag="785"><subfield code="t">Linn County news</subfield><subfield code="w">(DLC)sn 85030129</subfield></datafield></record>